% se evt. nedst√•ende eksempler for kileangivning

@Book{
random1,
title = {},
publisher = {},
edition = {.},
author = {},
year = {},
isbn = {}
}


@misc{
random2,
title = {},
author = {},
year = {},
note = {}
}
